<?xml version="1.0" encoding="UTF-8"?><collection xmlns="http://www.loc.gov/MARC21/slim"><record><leader>00591nam--2200145-i-4500</leader><controlfield tag="001">000004186</controlfield><controlfield tag="002">20161230</controlfield><controlfield tag="005">20170304180407</controlfield><controlfield tag="008">060222s1000------------r-----000-0-eng-d</controlfield><datafield ind1=" " ind2=" " tag="100"><subfield code="a">Burke, J. E</subfield></datafield><datafield ind1=" " ind2=" " tag="245"><subfield code="a">Grain control in industrial metallurgy. A series of four educational lectures on grain control in industrial metallurgy presented to members of the A.S.M. during the Thirtieth National Metal Congres and Exposition, Philadelphia, Oct.23 to 29, 1948</subfield></datafield><datafield ind1=" " ind2=" " tag="260"><subfield code="a">Cleveland</subfield><subfield code="b">Ohio-American Society For Metals</subfield><subfield code="c">1949</subfield></datafield><datafield ind1=" " ind2=" " tag="300"><subfield code="a">279 p</subfield></datafield><datafield ind1=" " ind2=" " tag="852"><subfield code="a">669.175</subfield></datafield><datafield ind1=" " ind2=" " tag="CAT"><subfield code="a">SYS</subfield><subfield code="c">20170304</subfield><subfield code="h">180407</subfield></datafield></record></collection>